<record><leader>00000cas a2200000 a 4500</leader><controlfield tag="001">23209910</controlfield><controlfield tag="008">910308d1918191ugauwr ne      0    0eng d</controlfield><datafield ind1=" " ind2=" " tag="010"><subfield code="a">sn 91069505 </subfield></datafield><datafield ind1=" " ind2=" " tag="040"><subfield code="a">ONP</subfield><subfield code="b">eng</subfield><subfield code="c">ONP</subfield><subfield code="d">YOX</subfield><subfield code="d">DLC</subfield><subfield code="d">OCLCQ</subfield><subfield code="d">DLC</subfield><subfield code="d">KRTAS</subfield><subfield code="d">OCLCF</subfield><subfield code="d">OCLCO</subfield></datafield><datafield ind1="1" ind2=" " tag="029"><subfield code="a">AU@</subfield><subfield code="b">000027095983</subfield></datafield><datafield ind1=" " ind2=" " tag="042"><subfield code="a">msc</subfield></datafield><datafield ind1="0" ind2=" " tag="130"><subfield code="a">Trench and camp (Atlanta. Ga.)</subfield></datafield><datafield ind1="1" ind2="0" tag="245"><subfield code="a">Trench and camp.</subfield></datafield><datafield ind1=" " ind2=" " tag="250"><subfield code="a">Ed. for Fort McPherson and Camp Jessup, Atlanta, Georgia.</subfield></datafield><datafield ind1=" " ind2=" " tag="260"><subfield code="a">Atlanta, Ga. :</subfield><subfield code="b">Army Y.M.C.A. with the cooperation of the Atlanta Journal,</subfield><subfield code="c">1918-</subfield></datafield><datafield ind1=" " ind2=" " tag="300"><subfield code="a">v. :</subfield><subfield code="b">ill. ;</subfield><subfield code="c">44 cm.</subfield></datafield><datafield ind1=" " ind2=" " tag="310"><subfield code="a">Weekly</subfield></datafield><datafield ind1="0" ind2=" " tag="362"><subfield code="a">Vol. 1, no. 1 (July 2, 1918)-</subfield></datafield><datafield ind1=" " ind2=" " tag="500"><subfield code="a">Published under the auspices of the National War Work Council, Y.M.C.A. of the United States.</subfield></datafield><datafield ind1=" " ind2=" " tag="530"><subfield code="a">Also issued on microfilm from Library of Congress Preservation Microfilming Program.</subfield></datafield><datafield ind1=" " ind2="0" tag="650"><subfield code="a">World War, 1914-1918</subfield><subfield code="v">Newspapers.</subfield></datafield><datafield ind1=" " ind2="4" tag="651"><subfield code="a">United States</subfield><subfield code="x">Armed Forces</subfield><subfield code="z">Georgia</subfield><subfield code="v">Newspapers.</subfield></datafield><datafield ind1=" " ind2="7" tag="655"><subfield code="a">Newspapers.</subfield><subfield code="2">fast</subfield><subfield code="0">(OCoLC)fst01423814</subfield></datafield><datafield ind1="2" ind2="7" tag="611"><subfield code="a">World War (1914-1918)</subfield><subfield code="2">fast</subfield><subfield code="0">(OCoLC)fst01180746</subfield></datafield><datafield ind1=" " ind2="7" tag="648"><subfield code="a">1914 - 1918</subfield><subfield code="2">fast</subfield></datafield><datafield ind1="2" ind2=" " tag="710"><subfield code="a">National War Work Council, Y.M.C.A. of the United States.</subfield></datafield><datafield ind1="1" ind2=" " tag="710"><subfield code="a">Fort McPherson (Ga.)</subfield></datafield><datafield ind1="2" ind2=" " tag="710"><subfield code="a">Camp Jessup (Ga.)</subfield></datafield><datafield ind1=" " ind2=" " tag="752"><subfield code="a">United States</subfield><subfield code="b">Georgia</subfield><subfield code="c">Fulton</subfield><subfield code="d">Atlanta.</subfield></datafield><datafield ind1=" " ind2=" " tag="752"><subfield code="a">United States</subfield><subfield code="b">Georgia</subfield><subfield code="c">DeKalb</subfield><subfield code="d">Atlanta.</subfield></datafield><datafield ind1="1" ind2=" " tag="776"><subfield code="c">Microfilm</subfield><subfield code="d">Library of Congress Preservation Microfilming Program</subfield><subfield code="w">(DLC)sf 89092744</subfield><subfield code="w">(OCoLC)20428641</subfield></datafield><datafield ind1=" " ind2=" " tag="938"><subfield code="a">Kirtas Technologies, Inc.</subfield><subfield code="b">KRTS</subfield><subfield code="n">740434</subfield></datafield></record>